<record><leader>00000cas a2200000 a 4500</leader><controlfield tag="001">7786100</controlfield><controlfield tag="008">810923d18351836nhuwr ne      0   a0eng d</controlfield><controlfield tag="009">551</controlfield><datafield ind1=" " ind2=" " tag="010"><subfield code="a">sn 99067818 </subfield></datafield><datafield ind1=" " ind2=" " tag="040"><subfield code="a">BTI</subfield><subfield code="c">BTI</subfield><subfield code="d">NVN</subfield><subfield code="d">OCLCQ</subfield></datafield><datafield ind1=" " ind2=" " tag="043"><subfield code="a">n-us-nh</subfield><subfield code="a">n-us-vt</subfield></datafield><datafield ind1=" " ind2=" " tag="090"><subfield code="a">BX9901</subfield></datafield><datafield ind1="0" ind2="0" tag="245"><subfield code="a">Watchman, impartialist, and Christian repository.</subfield></datafield><datafield ind1="1" ind2="7" tag="246"><subfield code="a">Watchman &amp; impartialist</subfield></datafield><datafield ind1=" " ind2=" " tag="260"><subfield code="a">Lebanon, N.H. :</subfield><subfield code="b">[Universalist Benevolent Assoc.],</subfield><subfield code="c">1835-1836.</subfield></datafield><datafield ind1=" " ind2=" " tag="300"><subfield code="a">v. ;</subfield><subfield code="c">54 cm.</subfield></datafield><datafield ind1=" " ind2=" " tag="310"><subfield code="a">Weekly</subfield></datafield><datafield ind1="0" ind2=" " tag="362"><subfield code="a">New ser. vol. 1, no. 1 (Oct. 24, 1835)-new ser. v. 1, no. 30 (May 21, 1836).</subfield></datafield><datafield ind1=" " ind2=" " tag="500"><subfield code="a">Title from caption.</subfield></datafield><datafield ind1=" " ind2=" " tag="500"><subfield code="a">Published in Lebanon, N.H., and Montpelier, Vt., Nov. 28, 1835-May 21, 1836.</subfield></datafield><datafield ind1=" " ind2=" " tag="515"><subfield code="a">Vols. for Oct. 24, 1835-Jan. 2, 1836 called also v. 16, no. 20-29; Oct. 24-Nov. 28, 1835 called also whole no. 852-854; Dec. 5, 1835-Jan. 2, 1836 called also whole no. 55 [i.e. 155]-159; Jan. 9-May 21, 1836 called also Watchman, v. 7, no. 30-49.</subfield></datafield><datafield ind1=" " ind2=" " tag="580"><subfield code="a">Formed by the union of: Watchman and Christian repository, and: Impartialist (Claremont, N.H.). Cf. Eddy, Richard. Universalism in America, v. 2.</subfield></datafield><datafield ind1=" " ind2=" " tag="580"><subfield code="a">Merged with: Star in the East and New-Hampshire Universalist, to form: Universalist watchman (Lebanon, N.H.).</subfield></datafield><datafield ind1=" " ind2="0" tag="650"><subfield code="a">Universalism</subfield><subfield code="v">Newspapers.</subfield></datafield><datafield ind1=" " ind2="0" tag="651"><subfield code="a">Lebanon (N.H.)</subfield><subfield code="v">Newspapers.</subfield></datafield><datafield ind1=" " ind2="0" tag="651"><subfield code="a">Montpelier (Vt.)</subfield><subfield code="v">Newspapers.</subfield></datafield><datafield ind1=" " ind2="0" tag="651"><subfield code="a">Vermont</subfield><subfield code="v">Newspapers.</subfield></datafield><datafield ind1=" " ind2="0" tag="651"><subfield code="a">New Hampshire</subfield><subfield code="v">Newspapers.</subfield></datafield><datafield ind1=" " ind2=" " tag="752"><subfield code="a">United States</subfield><subfield code="b">New Hampshire</subfield><subfield code="c">Grafton</subfield><subfield code="d">Lebanon.</subfield></datafield><datafield ind1=" " ind2=" " tag="752"><subfield code="a">United States</subfield><subfield code="b">Vermont</subfield><subfield code="c">Washington</subfield><subfield code="d">Montpelier.</subfield></datafield><datafield ind1="1" ind2="4" tag="780"><subfield code="t">Watchman and Christian repository</subfield><subfield code="w">(DLC)sn 99067824</subfield><subfield code="w">(OCoLC)41037917</subfield></datafield><datafield ind1="1" ind2="4" tag="780"><subfield code="t">Impartialist (Claremont, N.H.)</subfield><subfield code="w">(DLC)sn 90062507</subfield><subfield code="w">(OCoLC)22683197</subfield></datafield><datafield ind1="1" ind2="7" tag="785"><subfield code="t">Star in the East and New-Hampshire Universalist</subfield><subfield code="w">(DLC)sn 91063079</subfield><subfield code="w">(OCoLC)7707807</subfield></datafield><datafield ind1="1" ind2="7" tag="785"><subfield code="t">Universalist watchman (Lebanon, N.H.)</subfield><subfield code="w">(DLC)sn 91063300</subfield><subfield code="w">(OCoLC)7158716</subfield></datafield><datafield ind1=" " ind2=" " tag="936"><subfield code="a">May 21, 1836</subfield></datafield></record>